<record><leader>00000cas a22000007a 4500</leader><controlfield tag="001">43336372</controlfield><controlfield tag="008">000124d1937194upaumr ne      0    0eng d</controlfield><datafield ind1=" " ind2=" " tag="010"><subfield code="a">sn 99066856 </subfield></datafield><datafield ind1=" " ind2=" " tag="040"><subfield code="a">NVK</subfield><subfield code="b">eng</subfield><subfield code="c">NVK</subfield><subfield code="d">OCLCQ</subfield><subfield code="d">OCLCO</subfield></datafield><datafield ind1="1" ind2=" " tag="029"><subfield code="a">AU@</subfield><subfield code="b">000021316001</subfield></datafield><datafield ind1=" " ind2=" " tag="042"><subfield code="a">msc</subfield></datafield><datafield ind1=" " ind2=" " tag="043"><subfield code="a">n-us-va</subfield></datafield><datafield ind1="0" ind2="0" tag="245"><subfield code="a">Ole bull news.</subfield></datafield><datafield ind1=" " ind2=" " tag="260"><subfield code="a">Cross Fork, Pa. :</subfield><subfield code="b">C.C.C. Co. 2359</subfield></datafield><datafield ind1=" " ind2=" " tag="300"><subfield code="a">v.</subfield></datafield><datafield ind1=" " ind2=" " tag="310"><subfield code="a">Monthly</subfield></datafield><datafield ind1="1" ind2=" " tag="362"><subfield code="a">Began in 1937; ceased in 1940?</subfield></datafield><datafield ind1=" " ind2=" " tag="500"><subfield code="a">Company 2359 had moved from Mineral, Va. to Cross Fork, Pa. in 1937.</subfield></datafield><datafield ind1=" " ind2=" " tag="500"><subfield code="a">Camp S-87.</subfield></datafield><datafield ind1=" " ind2=" " tag="530"><subfield code="a">Available on microfiche from the Center for Research Libraries.</subfield></datafield><datafield ind1=" " ind2=" " tag="580"><subfield code="a">C.C.C. Co. 2359 previously published: Camp high lights.</subfield></datafield><datafield ind1=" " ind2=" " tag="580"><subfield code="a">C.C.C. Co. 2359 later published: Castle site echoes.</subfield></datafield><datafield ind1=" " ind2=" " tag="588"><subfield code="a">Description based on: Vol. 1, no. 3 (Oct. 1937).</subfield></datafield><datafield ind1=" " ind2=" " tag="588"><subfield code="a">Latest issue consulted: Dec. 1940.</subfield></datafield><datafield ind1="2" ind2="0" tag="610"><subfield code="a">Civilian Conservation Corps (U.S.)</subfield><subfield code="v">Newspapers.</subfield></datafield><datafield ind1=" " ind2="0" tag="651"><subfield code="a">Cross Fork (Pa.)</subfield><subfield code="v">Newspapers.</subfield></datafield><datafield ind1="2" ind2=" " tag="710"><subfield code="a">Civilian Conservation Corps (U.S.).</subfield><subfield code="b">Company 2359 (Cross Fork, Pa.)</subfield></datafield><datafield ind1=" " ind2=" " tag="752"><subfield code="a">United States</subfield><subfield code="b">Pennsylvania</subfield><subfield code="c">Potter</subfield><subfield code="d">Cross Fork.</subfield></datafield><datafield ind1="1" ind2=" " tag="787"><subfield code="t">Camp high lights</subfield><subfield code="w">(DLC)sn 00064720</subfield></datafield><datafield ind1="1" ind2=" " tag="787"><subfield code="t">Castle site echoes</subfield><subfield code="w">(DLC)sn 99066875</subfield></datafield></record>